@article{GUBBI20131645,
    title = "Internet of Things (IoT): A vision, architectural elements, and future directions",
    journal = "Future Generation Computer Systems",
    volume = "29",
    number = "7",
    pages = "1645 - 1660",
    year = "2013",
    note = "Including Special sections: Cyber-enabled Distributed Computing for Ubiquitous Cloud and Network Services \& Cloud Computing and Scientific Applications — Big Data, Scalable Analytics, and Beyond",
    issn = "0167-739X",
    doi = "https://doi.org/10.1016/j.future.2013.01.010",
    url = "http://www.sciencedirect.com/science/article/pii/S0167739X13000241",
    author = "Jayavardhana Gubbi and Rajkumar Buyya and Slaven Marusic and Marimuthu Palaniswami",
}

@misc{KODYS,
      title = "IoT - internet vecí ",
    howpublished = {\url{https://www.kodys.sk/iot-internet-veci}},
    note = {navštívené: 2020-05-25},
    organization = "KODYS SLOVENSKO®",
    author =       "KODYS SLOVENSKO®",
}

@article{addressing_iot_ipv6,
    author="H. Zormati, J. Chebil, J. Bel Hadj Taher",
    title="Addressing Scheme for IOT Network Using IPV6",
    journal="International Journal of Electronics and Communication Engineering",
    volume="11",
    number="4",
    year="2017",
}



@misc{kevinAshton,
    author    = "Kevin Ashton",
    title     = "That 'Internet of Things' Thing",
        howpublished = {\url{http://www.itrco.jp/libraries/RFIDjournal-That\%20Internet\%20of\%20Things\%20Thing.pdf}},
        note = {navštívené: 2020-05-25},
}

 @misc{springerprofessional.de_The_Era_of_IoT,
    author="Khaled Salah Mohamed",
    title={The Era of Internet of Things: Towards a Smart World}, url={https://www.springerprofessional.de/en/the-era-of-internet-of-things-towards-a-smart-world/16720462?fulltextView=true},
    howpublished = {\url{https://www.springerprofessional.de/en/the-era-of-internet-of-things-towards-a-smart-world/16720462?fulltextView=true}},
    journal={springerprofessional.de},
    Publisher="Springer International Publishing",
    note = {navštívené: 2020-05-25},
}

@misc{Forrester,
      title = "Getting clever about smart cities: new opportunities require new business models",
    howpublished = {\url{https://www.vatanlink.com/Content/Images/LinksImage/e2568138-96b4-4316-9b6b-683fd4a95ac6.pdf}},
    note = {navštívené: 2020-05-25},
    organization = "Forrester Research",
    author = "J. Belissent",
    year = "2010",
    
}

@misc{industry4,
      title = "Industry 4.0 - Digitálne dvojča, CPS, IoT, Big Data, Cloud, PLM",
    howpublished = {\url{http://industry4.sk/o-industry-4-0/technologie/}},
    note = {navštívené: 2020-05-25},
    organization = "SOVA Digital a.s.",
    author = "SOVA Digital a.s.",
}

@misc{sparkfun,
      title = "I2C",
    howpublished = {\url{https://learn.sparkfun.com/tutorials/i2c}},
    note = {navštívené: 2020-05-27},
    organization = "Attribution-ShareAlike 4.0 International (CC BY-SA 4.0) ",
    author = "SFUptownMaker",
}

@incollection{WOLF201923,
    title = "Chapter 2 - Standard Interfaces",
    editor = "Marilyn Wolf",
    booktitle = "Embedded System Interfacing",
    publisher = "Morgan Kaufmann",
    pages = "23 - 40",
    year = "2019",
    isbn = "978-0-12-817402-9",
    doi = "https://doi.org/10.1016/B978-0-12-817402-9.00002-9",
    url = "http://www.sciencedirect.com/science/article/pii/B9780128174029000029",
    author = "Marilyn Wolf",
    keywords = "Standards, Physical layer, Data link layer, Network layer, IC, USB, WiFi, Zigbee, Bluetooth, BLE, Internet",
    abstract = "A number of interface standards have been developed for computing systems. Many of these standards are useful for embedded computing. We review the organization of the Open Systems Interconnection (OSI) and then describe several useful embedded system interface standards, including I2C, USB, WiFi, Zigbee, Bluetooth, and BLE. We discuss the implications of Internet-enabled embedded devices that make use of standard interfaces."
}

@misc{i2c_protocol,
      title = "Basics of the I2C Communication Protocol",
    howpublished = {\url{https://www.circuitbasics.com/basics-of-the-i2c-communication-protocol/}},
    note = {navštívené: 2020-05-27},
    organization = "Circuit Basics, DIY Electronics",
}


@misc{USB_ALZA,
      title = "Nestraťte sa vo svete USB štandardov ",
    howpublished = {\url{https://www.alza.sk/nestratte-sa-vo-svete-usb-standardov-art16128.htm}},
    note =  { Aktualizované 19. novembra 2019, navštívené: 2020-05-28},
    organization = "Alza.cz a. s.",
}

@book{tanenbaum,
    author    = "ANDREW S. TANENBAUM, DAVID J. WETHERALL",
    title     = "COMPUTER NETWORKS FIFTH EDITION",
    year      = "2011",
    isbn      = "ISBN-13: 978-0-13-212695-3",   
    publisher = "Pearson",
}

@misc{wifi_fontech,
    title = "Praktická orientácia: Ako rozďeľujeme WiFi a čo ponúka najnovšie Wi-Fi 6E?",
    howpublished = {\url{https://fontech.startitup.sk/prakticka-orientacia-ako-rozdelujeme-wifi-a-co-ponuka-najnovsie-wi-fi-6e/}},
    note =  { navštívené: 2020-05-29},
    organization = " Startitup, s. r. o",
}


@misc{wlan_wifi_diff,
    title = "Praktická orientácia: Ako rozďeľujeme WiFi a čo ponúka najnovšie Wi-Fi 6E?",
    howpublished = {\url{What is the difference between WLAN and Wi-Fi?}},
    note =  { navštívené: 2020-05-29},
    organization = "SearchNetworking c/o TechTarget 275 Grove Street Newton, MA 02466",
}

@article{beacon_signal,
    author = "S. Gerasenko, A. Joshi, S. Rayaprolu, K. Ponnavaikko, D.P. Agrawal",
    title = "Beacon signals: what, why, how, and where?",
    journal = "Computer",
    volume = "34",
    pages = "108 - 110",
    year = "2001",
    publisher = "IEEE",
    issn = "1558-0814",
}

@incollection{2002167,
    title = "Chapter 5 - Service Discovery",
    editor = "David Kammer and Gordon McNutt and Brian Senese and Jennifer Bray",
    booktitle = "Bluetooth Application Developer's Guide",
    publisher = "Syngress",
    address = "Burlington",
    pages = "167 - 209",
    year = "2002",
    isbn = "978-1-928994-42-8",
    doi = "https://doi.org/10.1016/B978-192899442-8/50008-2",
    url = "http://www.sciencedirect.com/science/article/pii/B9781928994428500082"
}

@misc{lorawan,
    title = "What is the LoRaWAN® Specification?",
    howpublished = {\url{https://lora-alliance.org/about-lorawan}},
    note =  { navštívené: 2020-05-30},
    organization = "LoRa Alliance®",
}

@misc{sigfox,
    howpublished = {\url{https://www.sigfox.com/en}},
    note =  { navštívené: 2020-05-30},
    organization = "Sigfox®",
}

@misc{sigfox_sk,
    howpublished = {\url{https://lora-alliance.org/about-lorawan}},
    note =  { navštívené: 2020-05-30},
    organization = "SimpleCell Networks Slovakia, a.s.®",
}

@misc{protocols_comparasion,
    howpublished = {\url{ttps://www.postscapes.com/internet-of-things-protocols/}},
    note =  { navštívené: 2020-05-30},
    organization = "Postscapes Logo Smart Devices & Systems",
}

@misc{azure_cloud,
    title = "What is cloud computing?",
    howpublished ={\url{https://azure.microsoft.com/en-us/overview/what-is-cloud-computing/}},
    note =  { navštívené: 2020-05-31},
    organization = "Microsoft",
}

@misc{azure,
    title = "Get started guide for Azure developers",
    howpublished ={\url{https://azure.microsoft.com/en-us/free/students/}},
    note =  { navštívené: 2020-05-31},
    organization = "Microsoft",
}

@misc{azure_student,
    title = "Start building the future with Azure for Students!",
    howpublished = {\url{https://azure.microsoft.com/en-us/free/students/}},
    note =  { navštívené: 2020-05-31},
    organization = "Microsoft",
}

@misc{docker_overview,
    title = "Docker overview",
    howpublished = {\url{https://docs.docker.com/get-started/overview/}},
    note =  { navštívené: 2020-05-31},
    organization = "Docker Inc.",
}


 @article{WAN201897,
title = "Application deployment using Microservice and Docker containers: Framework and optimization",
journal = "Journal of Network and Computer Applications",
volume = "119",
pages = "97 - 109",
year = "2018",
issn = "1084-8045",
doi = "https://doi.org/10.1016/j.jnca.2018.07.003",
url = "http://www.sciencedirect.com/science/article/pii/S1084804518302273",
author = "Xili Wan and Xinjie Guan and Tianjing Wang and Guangwei Bai and Baek-Yong Choi",
}


@misc{InfluxDB,
    title = "InfluxDB 1.8 documentation",
    howpublished = {\url{https://docs.influxdata.com/influxdb/v1.8/}},
    note =  { navštívené: 2020-05-31},
    organization =  "InfluxData Inc.",
}

@misc{grafana,
    title = "What is Grafana?",
    howpublished = {\url{https://grafana.com/docs/grafana/latest/getting-started/what-is-grafana/}},
    note =  { navštívené: 2020-05-31},
    organization =  "Grafana Labs",
}

@misc{nodered,
    title = "About",
    howpublished = {\url{https://nodered.org/about/#flow-based-programming}},
    note =  { navštívené: 2020-05-31},
    organization =  "OpenJS Foundation",
}

@misc{telegraf,
    title = "Telegraf Open Source Server Agent | InfluxData",
    howpublished = {\url{https://www.influxdata.com/time-series-platform/telegraf/}},
    note =  { navštívené: 2020-05-31},
    organization =  "InfluxData Inc.",
}z

@misc{esp32,
    title = "ESP32",
    howpublished = {\url{https://www.espressif.com/en/products/socs/esp32/overview}},
    note =  { navštívené: 2020-06-01},
    organization =  "ESPRESSIF SYSTEMS (SHANGHAI) CO., LTD. ",
}

@misc{heltec_lora32,
    title = "Telegraf Open Source Server Agent | InfluxData",
    howpublished = {\url{https://www.influxdata.com/time-series-platform/telegraf/}},
    note =  { navštívené: 2020-05-31},
    organization =  "ESPRESSIF SYSTEMS (SHANGHAI) CO., LTD. ",
}

@misc{micropython_pcrevue,
    author = "Luboslav Lacko",
    title = "IoT prakticky: Python na ESP32, vývojové dosky, inštalácia Micropythonu",
    howpublished = {\url{https://www.pcrevue.sk/a/IoT-prakticky--Python-na-ESP32--vyvojove-dosky--instalacia-Micropythonu}},
    note =  { navštivené: 2020-06-01},
    organization =  "DIGITAL VISIONS, spol. s r. o. ",
}

@misc{micropython,
    title = "MicroPython",
    howpublished = {\url{https://micropython.org//}},
    note =  { navštívené: 2020-06-01},
    organization =  "George Robotics Limited",
}
@misc{radioaktivita_shmu,
    title = "Príkon dávkového ekvivalentu gama žiarenia",
    howpublished = {\url{http://www.shmu.sk/sk/?page=254}},
    note =  { navštívené: 2020-06-01},
    organization =  "Slovenský hydrometeorologický ústav ",
}

@misc{radioaktivita_pdf,
    howpublished ={https://www.ujd.gov.sk/ujd/WebStore.nsf/\\viewKey/DEFINICIE/\$FILE/DEFINICIE.pdf},
    title = "Definície, skratky a značky ",
    note =  { navštívené: 2020-06-01},
}